@misc{ITU2022FactsAndFigures,
    author = {ITU},
    title = {Facts and Figures 2022},
    note = {\url{https://www.itu.int/itu-d/reports/statistics/2022/11/24/ff22-mobile-network-coverage/}}
}
@article{Forge2020FormingA5GStrategyForDevelopingCountries,
    author = {S. Forge and K. Vu},
    title = {Forming a 5G strategy for developing countries: A note for policy makers},
    journal = {Telecommunications Policy},
    year = {2020},
    volume = {44},
    number = {7},
    doi = {https://doi.org/10.1016/j.telpol.2020.101975}
}
@misc{MIC2023InformationStatistics,
    author = {総務省},
    title = {情報通信白書令和5年版},
    note = {\url{https://www.soumu.go.jp/johotsusintokei/whitepaper/r05.html}}
}
@misc{EricssonNovember2023MobilityReportDataAndForecasts,
    author = {Telefonaktiebolaget LM Ericsson},
    title = {Ericsson Mobility Report data and forecasts},
    note = {\url{https://www.ericsson.com/en/reports-and-papers/mobility-report/dataforecasts}}
}